<?xml version="1.0" encoding="UTF-8"?><collection xmlns="http://www.loc.gov/MARC21/slim"><record><leader>00431nam--2200121-i-4500</leader><controlfield tag="001">000008099</controlfield><controlfield tag="002">20161230</controlfield><controlfield tag="005">20161230201027</controlfield><controlfield tag="008">060222s1000------------r-----000-0-eng-d</controlfield><datafield ind1=" " ind2=" " tag="100"><subfield code="a">Chossat, M., Laboureur, M.Et Carbot, C</subfield></datafield><datafield ind1=" " ind2=" " tag="245"><subfield code="a">Cours de calcul mathematique moderne.la pratiq ue des mathematiques modernes a l usage des in genieurs.applications pratiques et complements</subfield></datafield><datafield ind1=" " ind2=" " tag="260"><subfield code="a">Paris Dunod, 1967. Xiii + 568 P</subfield></datafield><datafield ind1=" " ind2=" " tag="852"><subfield code="a">27214</subfield></datafield></record></collection>